@article{Bron:1973:AFC:362342.362367,
 author = {Bron, Coen and Kerbosch, Joep},
 title = {Algorithm 457: Finding All Cliques of an Undirected Graph},
 journal = {Commun. ACM},
 issue_date = {Sept. 1973},
 volume = {16},
 number = {9},
 month = sep,
 year = {1973},
 issn = {0001-0782},
 pages = {575--577},
 numpages = {3},
 url = {http://doi.acm.org/10.1145/362342.362367},
 doi = {10.1145/362342.362367},
 acmid = {362367},
 publisher = {ACM},
 address = {New York, NY, USA},
 keywords = {backtracking algorithm, branch and bound technique, cliques, clusters, maximal complete subgraphs, recursion},
}