@Article{Moon1965,
author="Moon, J. W.
and Moser, L.",
title="On cliques in graphs",
journal="Israel Journal of Mathematics",
year="1965",
month="Mar",
day="01",
volume="3",
number="1",
pages="23--28",
abstract="A clique is a maximal complete subgraph of a graph. The maximum number of cliques possible in a graph withn nodes is determined. Also, bounds are obtained for the number of different sizes of cliques possible in such a graph.",
issn="1565-8511",
doi="10.1007/BF02760024",
url="https://doi.org/10.1007/BF02760024"
}

