@book{resende2016optimization,
  title={Optimization by GRASP: Greedy Randomized Adaptive Search Procedures},
  author={Resende, M.G.C. and Ribeiro, C.C.},
  isbn={9781493965304},
  url={https://books.google.com.br/books?id=ao1jDQAAQBAJ},
  year={2016},
  publisher={Springer New York},
  note="Pg. 31"
}
