@article{TOMITA200628,
title = "The worst-case time complexity for generating all maximal cliques and computational experiments",
journal = "Theoretical Computer Science",
volume = "363",
number = "1",
pages = "28 - 42",
year = "2006",
note = "Computing and Combinatorics",
issn = "0304-3975",
doi = "https://doi.org/10.1016/j.tcs.2006.06.015",
url = "http://www.sciencedirect.com/science/article/pii/S0304397506003586",
author = "Etsuji Tomita and Akira Tanaka and Haruhisa Takahashi",
keywords = "Maximal cliques, Enumeration, Worst-case time complexity, Computational experiments"
}